@article{Riasi2017,
    title = {{Controllability of Surface Water Networks}},
    year = {2017},
    journal = {Water Resources Research},
    author = {Riasi, M. Sadegh and Yeghiazarian, Lilit},
    number = {12},
    pages = {10450--10464},
    volume = {53},
    doi = {10.1002/2017WR020861},
    issn = {19447973},
    keywords = {control centrality, control profile, full controllability, structural controllability, surface water network, system dynamics, target control efficiency}
}

@article{Sarker2019,
    title = {{Critical Nodes in River Networks}},
    year = {2019},
    journal = {Scientific reports},
    author = {Sarker, Shiblu and Veremyev, Alexander and Boginski, Vladimir and Singh, Arvind},
    number = {1},
    pages = {11178},
    volume = {9},
    publisher = {Springer US},
    url = {http://dx.doi.org/10.1038/s41598-019-47292-4},
    doi = {10.1038/s41598-019-47292-4},
    issn = {20452322},
    pmid = {31371735}
}

@article{Tejedor2015,
    title = {{Delta channel networks: 1. A graph-theoretic approach for studying connectivity and steady state transport on deltaic surfaces}},
    year = {2015},
    journal = {Journal of the American Water Resources Association},
    author = {Tejedor, Alejandro and Longjas, Anthony and Zaliapin, Ilya and Foufoula-Georgiou, Efi},
    pages = {3998â€“4018},
    volume = {51},
    doi = {10.1111/j.1752-1688.1969.tb04897.x},
    issn = {1093-474X}
}

@article{Schick2007,
    title = {{Directed connectivity among fish populations in a riverine network}},
    year = {2007},
    journal = {Journal of Applied Ecology},
    author = {Schick, Robert S. and Lindley, Steven T.},
    number = {6},
    pages = {1116--1126},
    volume = {44},
    doi = {10.1111/j.1365-2664.2007.01383.x},
    issn = {00218901},
    keywords = {California, Chinook salmon, Connectivity, Dispersal, Evolutionarily significant unit (ESU), Graph theory, Oncorhynchus tshawytscha, Population spatial structure, Restoration}
}

@article{Abed-Elmdoust2017a,
    title = {{Emergent spectral properties of river network topology: An optimal channel network approach}},
    year = {2017},
    journal = {Scientific Reports},
    author = {Abed-Elmdoust, Armaghan and Singh, Arvind and Yang, Zong Liang},
    number = {1},
    pages = {1--9},
    volume = {7},
    publisher = {Springer US},
    url = {http://dx.doi.org/10.1038/s41598-017-11579-1},
    doi = {10.1038/s41598-017-11579-1},
    issn = {20452322},
    pmid = {28904392}
}

@article{Cieplak1998,
    title = {{Models of fractal river basins}},
    year = {1998},
    journal = {Journal of Statistical Physics},
    author = {Cieplak, Marek and Giacometti, Achille and Maritan, Amos and Rinaldo, Andrea and Rodriguez-Iturbe, Ignacio and Banavar, Jayanth R.},
    number = {1-2},
    pages = {1--15},
    volume = {91},
    doi = {10.1023/a:1023069201470},
    issn = {00224715},
    arxivId = {cond-mat/9803287},
    keywords = {Aggregation patterns, Dynamical critical phenomena, Erosion and sedimentation, Growth process, Rivers, Runoff and stream flow}
}

@article{OHanley2005,
    title = {{Optimizing the removal of small fish passage barriers}},
    year = {2005},
    journal = {Environmental Modeling and Assessment},
    author = {O'Hanley, Jesse Rush and Tomberlin, David},
    number = {2},
    pages = {85--98},
    volume = {10},
    doi = {10.1007/s10666-004-4268-y},
    issn = {14202026},
    keywords = {Dynamic programming, Fish passage barrier removal, Nonlinear integer programming, Salmon habitat restoration}
}

@article{Galpern2011,
    title = {{Patch-based graphs of landscape connectivity: A guide to construction, analysis and application for conservation}},
    year = {2011},
    journal = {Biological Conservation},
    author = {Galpern, Paul and Manseau, Micheline and Fall, Andrew},
    number = {1},
    pages = {44--55},
    volume = {144},
    publisher = {Elsevier Ltd},
    url = {http://dx.doi.org/10.1016/j.biocon.2010.09.002},
    doi = {10.1016/j.biocon.2010.09.002},
    issn = {00063207},
    keywords = {Actual connectivity, Functional connectivity, Graph theory, Landscape graphs, Patch-based graphs}
}

@article{Zaliapin2010,
    title = {{Transport on river networks: A dynamic tree approach}},
    year = {2010},
    journal = {Journal of Geophysical Research: Earth Surface},
    author = {Zaliapin, Ilya and Foufoula-Georgiou, Efi and Ghil, Michael},
    number = {F2},
    pages = {1--15},
    volume = {115},
    doi = {10.1029/2009jf001281},
    arxivId = {0902.1554},
    keywords = {http://dx.doi.org/10.1029/2009JF001281, doi:10.102}
}