@article{tiwari_jha_singh_2020, title={Quantification of node importance in rain gauge network: influence of temporal resolution and rain gauge density}, volume={10}, DOI={10.1038/s41598-020-66363-5}, number={1}, journal={Scientific Reports}, author={Tiwari, Shubham and Jha, Sanjeev Kumar and Singh, Ankit}, year={2020}}